@misc{RNNcode,
  author = {Songweiping},
  title = {Github},
  year = {2017},
  publisher = {GitHub},
  journal = {GitHub repository},
  howpublished = {\url{https://github.com/Songweiping/GRU4Rec_TensorFlow}},
}

@article{DBLP:journals/corr/HidasiKBT15,
  author    = {Bal{\'{a}}zs Hidasi and
               Alexandros Karatzoglou and
               Linas Baltrunas and
               Domonkos Tikk},
  title     = {Session-based Recommendations with Recurrent Neural Networks},
  journal   = {CoRR},
  volume    = {abs/1511.06939},
  year      = {2015},
  url       = {http://arxiv.org/abs/1511.06939},
  archivePrefix = {arXiv},
  eprint    = {1511.06939},
  timestamp = {Wed, 07 Jun 2017 14:42:57 +0200},
  biburl    = {http://dblp.org/rec/bib/journals/corr/HidasiKBT15},
  bibsource = {dblp computer science bibliography, http://dblp.org}
}

@inproceedings{ICML2011Nickel_438,
	Address = {New York, NY, USA},
	Author = {Maximilian Nickel and Volker Tresp and Hans-Peter Kriegel},
	Booktitle = {Proceedings of the 28th International Conference on Machine Learning (ICML-11)},
	Editor = {Lise Getoor and Tobiasa Scheffer},
	Isbn = {978-1-4503-0619-5},
	Location = {Bellevue, Washington, USA},
	Month = {June},
	Pages = {809--816},
	Publisher = {ACM},
	Series = {ICML '11},
	Title = {A Three-Way Model for Collective Learning on Multi-Relational Data},
	Year = {2011}}

@inproceedings{Paudel:2017:FFT:3109859.3109916,
 author = {Paudel, Bibek and Haas, Thilo and Bernstein, Abraham},
 title = {Fewer Flops at the Top: Accuracy, Diversity, and Regularization in Two-Class Collaborative Filtering},
 booktitle = {Proceedings of the Eleventh ACM Conference on Recommender Systems},
 series = {RecSys '17},
 year = {2017},
 isbn = {978-1-4503-4652-8},
 location = {Como, Italy},
 pages = {215--223},
 numpages = {9},
 url = {http://doi.acm.org/10.1145/3109859.3109916},
 doi = {10.1145/3109859.3109916},
 acmid = {3109916},
 publisher = {ACM},
 address = {New York, NY, USA},
 keywords = {collaborative filtering, diverse recommendations, matrix factorization, positive and negative recommendations},
} 

@article{Lee:2005:CCF:1707421.1707525,
 author = {Lee, Jong-Seok and Jun, Chi-Hyuck and Lee, Jaewook and Kim, Sooyoung},
 title = {Classification-based Collaborative Filtering Using Market Basket Data},
 journal = {Expert Syst. Appl.},
 issue_date = {October, 2005},
 volume = {29},
 number = {3},
 month = oct,
 year = {2005},
 issn = {0957-4174},
 pages = {700--704},
 numpages = {5},
 url = {http://dx.doi.org/10.1016/j.eswa.2005.04.037},
 doi = {10.1016/j.eswa.2005.04.037},
 acmid = {1707525},
 publisher = {Pergamon Press, Inc.},
 address = {Tarrytown, NY, USA},
 keywords = {Binary logistic regression, Classification, Collaborative filtering, Market basket data, Principal component analysis},
} 

@ARTICLE{Mild2003,
title = {An improved collaborative filtering approach for predicting cross-category purchases based on binary market basket data}, 
author = {Andreas Mild and Thomas Reutterer},
year = {2003},
language = {EN},
journal = {Journal of Retailing and Consumer Services},
}

@article{DBLP:journals/corr/MarietS15,
  author    = {Zelda Mariet and
               Suvrit Sra},
  title     = {Fixed-point algorithms for determinantal point processes},
  journal   = {NIPS},
  year      = {2015},
  url       = {http://arxiv.org/abs/1508.00792},
  archivePrefix = {arXiv},
 }

@inproceedings{Vargas:2014:ISD:2645710.2645744,
 author = {Vargas, Sa\'{u}l and Castells, Pablo},
 title = {Improving Sales Diversity by Recommending Users to Items},
 booktitle = {Proceedings of the 8th ACM Conference on Recommender Systems},
 series = {RecSys '14},
 year = {2014},
 isbn = {978-1-4503-2668-1},
 location = {Foster City, Silicon Valley, California, USA},
 pages = {145--152},
 numpages = {8},
 url = {http://doi.acm.org/10.1145/2645710.2645744},
 doi = {10.1145/2645710.2645744},
 acmid = {2645744},
 publisher = {ACM},
 address = {New York, NY, USA},
 keywords = {novelty, recommender systems, sales diversity},
} 

@inproceedings{PuthiyaParambath:2016:CAR:2959100.2959149,
 author = {Puthiya Parambath, Shameem A. and Usunier, Nicolas and Grandvalet, Yves},
 title = {A Coverage-Based Approach to Recommendation Diversity On Similarity Graph},
 booktitle = {Proceedings of the 10th ACM Conference on Recommender Systems},
 series = {RecSys '16},
 year = {2016},
 isbn = {978-1-4503-4035-9},
 location = {Boston, Massachusetts, USA},
 pages = {15--22},
 numpages = {8},
 url = {http://doi.acm.org/10.1145/2959100.2959149},
 doi = {10.1145/2959100.2959149},
 acmid = {2959149},
 publisher = {ACM},
 address = {New York, NY, USA},
 keywords = {coverage, diverse ranking, diverse recommendation, recommender systems, submodular function},
} 

@inproceedings{Christoffel:2015:BWA:2792838.2800180,
 author = {Christoffel, Fabian and Paudel, Bibek and Newell, Chris and Bernstein, Abraham},
 title = {Blockbusters and Wallflowers: Accurate, Diverse, and Scalable Recommendations with Random Walks},
 booktitle = {Proceedings of the 9th ACM Conference on Recommender Systems},
 series = {RecSys '15},
 year = {2015},
 isbn = {978-1-4503-3692-5},
 location = {Vienna, Austria},
 pages = {163--170},
 numpages = {8},
 url = {http://doi.acm.org/10.1145/2792838.2800180},
 doi = {10.1145/2792838.2800180},
 acmid = {2800180},
 publisher = {ACM},
 address = {New York, NY, USA},
 keywords = {bipartite graph, diversity, item ranking, long-tail, random walks, sampling, top-n recommendation},
} 

@article{DBLP:journals/corr/abs-1709-05135,
  author    = {Laming Chen and
               Guoxin Zhang and
               Hanning Zhou},
  title     = {Improving the Diversity of Top-N Recommendation via Determinantal
               Point Process},
  journal   = {Large Scale Recommendation Systems Workshop},
  volume    = {abs/1709.05135},
  year      = {2017},
  archivePrefix = {arXiv},
  eprint    = {1709.05135},
  timestamp = {Thu, 05 Oct 2017 09:42:55 +0200},
 }

@inproceedings{Gillenwater:2012:DDS:2390948.2391026,
 author = {Gillenwater, Jennifer and Kulesza, Alex and Taskar, Ben},
 title = {Discovering Diverse and Salient Threads in Document Collections},
 booktitle = {Proceedings of the 2012 Joint Conference on Empirical Methods in Natural Language Processing and Computational Natural Language Learning},
 series = {EMNLP-CoNLL '12},
 year = {2012},
 location = {Jeju Island, Korea},
 pages = {710--720},
 numpages = {11},
 url = {http://dl.acm.org/citation.cfm?id=2390948.2391026},
 acmid = {2391026},
 publisher = {Association for Computational Linguistics},
 address = {Stroudsburg, PA, USA},
} 

@article{YANG20141,
title = "A survey of collaborative filtering based social recommender systems",
journal = "Computer Communications",
volume = "41",
pages = "1 - 10",
year = "2014",
issn = "0140-3664",
doi = "https://doi.org/10.1016/j.comcom.2013.06.009",
url = "http://www.sciencedirect.com/science/article/pii/S0140366413001722",
author = "Xiwang Yang and Yang Guo and Yong Liu and Harald Steck",
keywords = "Social network, Recommender system, Collaborative filtering"
}

@article{Hipp:2000:AAR:360402.360421,
 author = {Hipp, Jochen and G\"{u}ntzer, Ulrich and Nakhaeizadeh, Gholamreza},
 title = {Algorithms for Association Rule Mining - a General Survey and Comparison},
 journal = {SIGKDD Explor. Newsl.},
 issue_date = {June, 2000},
 volume = {2},
 number = {1},
 month = jun,
 year = {2000},
 issn = {1931-0145},
 pages = {58--64},
 numpages = {7},
 url = {http://doi.acm.org/10.1145/360402.360421},
 doi = {10.1145/360402.360421},
 acmid = {360421},
 publisher = {ACM},
 address = {New York, NY, USA},
}

@article{Su:2009:SCF:1592474.1722966,
 author = {Su, Xiaoyuan and Khoshgoftaar, Taghi M.},
 title = {A Survey of Collaborative Filtering Techniques},
 journal = {Adv. in Artif. Intell.},
 issue_date = {January 2009},
 volume = {2009},
 month = jan,
 year = {2009},
 issn = {1687-7470},
 pages = {4:2--4:2},
 articleno = {4},
 numpages = {1},
 url = {http://dx.doi.org/10.1155/2009/421425},
 doi = {10.1155/2009/421425},
 acmid = {1722966},
 publisher = {Hindawi Publishing Corp.},
 address = {New York, NY, United States},
}

@inproceedings{brijs99using,
author = {Tom Brijs and Gilbert Swinnen and Koen Vanhoof and Geert Wets},
title = {Using Association Rules for Product Assortment Decisions: A Case Study},
booktitle = {Knowledge Discovery and Data Mining},
pages = {254-260},
year = {1999}
}

@Article{Chen2012,
author="Chen, Daqing
and Sain, Sai Laing
and Guo, Kun",
title="Data mining for the online retail industry: A case study of RFM model-based customer segmentation using data mining",
journal="Journal of Database Marketing {\&} Customer Strategy Management",
year="2012",
month="Sep",
day="01",
volume="19",
number="3",
pages="197--208",
issn="1741-2447",
doi="10.1057/dbm.2012.17",
url="https://doi.org/10.1057/dbm.2012.17"
}


@inproceedings{Rendle:2010:FM:1933307.1934620,
 author = {Rendle, Steffen},
 title = {Factorization Machines},
 booktitle = {Proceedings of the 2010 IEEE International Conference on Data Mining},
 series = {ICDM '10},
 year = {2010},
 isbn = {978-0-7695-4256-0},
 pages = {995--1000},
 numpages = {6},
 url = {http://dx.doi.org/10.1109/ICDM.2010.127},
 doi = {10.1109/ICDM.2010.127},
 acmid = {1934620},
 publisher = {IEEE Computer Society},
 address = {Washington, DC, USA},
 keywords = {factorization machine, sparse data, tensor factorization, support vector machine},
}

@inproceedings{arules,
 author = {F. Coenen},
 title = {TLUCS KDD implementation of CBA
(classification based on associations)},
 year = {2005},
 location = {Department of Computer Science, The
University of Liverpool, UK},
 url = {http://www.csc.
liv.ac.uk/ Ìƒfrans/KDD/Software/CMAR/cba.html},
}

@inproceedings{Liu:1998:ICA:3000292.3000305,
 author = {Liu, Bing and Hsu, Wynne and Ma, Yiming},
 title = {Integrating Classification and Association Rule Mining},
 booktitle = {Proceedings of the Fourth International Conference on Knowledge Discovery and Data Mining},
 series = {KDD'98},
 year = {1998},
 location = {New York, NY},
 pages = {80--86},
 numpages = {7},
 url = {http://dl.acm.org/citation.cfm?id=3000292.3000305},
 acmid = {3000305},
 publisher = {AAAI Press},
}

@inproceedings{DBLP:conf/recsys/GartrellPK16,
  author    = {Mike Gartrell and
               Ulrich Paquet and
               Noam Koenigstein},
  title     = {Bayesian Low-Rank Determinantal Point Processes},
  booktitle = {Proceedings of the 10th {ACM} Conference on Recommender Systems, Boston,
               MA, USA, September 15-19, 2016},
  pages     = {349--356},
  year      = {2016},
  url       = {http://doi.acm.org/10.1145/2959100.2959178},
  doi       = {10.1145/2959100.2959178},
  timestamp = {Wed, 07 Sep 2016 13:57:35 +0200},
  biburl    = {http://dblp.org/rec/bib/conf/recsys/GartrellPK16},
  bibsource = {dblp computer science bibliography, http://dblp.org}
}

@inproceedings{Paquet:2013:OCF:2488388.2488475,
 author = {Paquet, Ulrich and Koenigstein, Noam},
 title = {One-class Collaborative Filtering with Random Graphs},
 booktitle = {Proceedings of the 22Nd International Conference on World Wide Web},
 series = {WWW '13},
 year = {2013},
 isbn = {978-1-4503-2035-1},
 location = {Rio de Janeiro, Brazil},
 pages = {999--1008},
 numpages = {10},
 url = {http://doi.acm.org/10.1145/2488388.2488475},
 doi = {10.1145/2488388.2488475},
 acmid = {2488475},
 publisher = {ACM},
 address = {New York, NY, USA},
 keywords = {one-class collaborative filtering, random graph, variational inference},
}


@inproceedings{DBLP:conf/uai/GopalanHB15,
  author    = {Prem Gopalan and
               Jake M. Hofman and
               David M. Blei},
  title     = {Scalable Recommendation with Hierarchical Poisson Factorization},
  booktitle = {{UAI}},
  pages     = {326--335},
  publisher = {{AUAI} Press},
  year      = {2015}
}

@article{DBLP:journals/corr/GopalanHB13,
  author    = {Prem Gopalan and
               Jake M. Hofman and
               David M. Blei},
  title     = {Scalable Recommendation with Poisson Factorization},
  journal   = {},
  volume    = {abs/1311.1704},
  year      = {2013},
  archivePrefix = {arXiv},
  eprint    = {1311.1704},
  timestamp = {Wed, 07 Jun 2017 14:40:42 +0200},
  biburl    = {http://dblp.org/rec/bib/journals/corr/GopalanHB13},
  bibsource = {dblp computer science bibliography, http://dblp.org}
}

@article{DBLP:journals/corr/HanKPS17,
  author    = {Insu Han and
               Prabhanjan Kambadur and
               KyoungSoo Park and
               Jinwoo Shin},
  title     = {Faster Greedy {MAP} Inference for Determinantal Point Processes},
  journal   = {International Conference on Machine Learning},
  year      = {2017},
  archivePrefix = {arXiv},
  eprint    = {1703.03389},
  timestamp = {Tue, 04 Jul 2017 09:19:07 +0200},
  biburl    = {http://dblp.org/rec/bib/journals/corr/HanKPS17},
  bibsource = {dblp computer science bibliography, http://dblp.org}
}

@inproceedings{Summa:2015:LVS:2722129.2722152,
 author = {Summa, Marco Di and Eisenbrand, Friedrich and Faenza, Yuri and Moldenhauer, Carsten},
 title = {On Largest Volume Simplices and Sub-determinants},
 booktitle = {Proceedings of the Twenty-sixth Annual ACM-SIAM Symposium on Discrete Algorithms},
 series = {SODA '15},
 year = {2015},
 location = {San Diego, California},
 pages = {315--323},
 numpages = {9},
 url = {http://dl.acm.org/citation.cfm?id=2722129.2722152},
 acmid = {2722152},
 publisher = {Society for Industrial and Applied Mathematics},
 address = {Philadelphia, PA, USA},
}

@inproceedings{DBLP:conf/icml/GautierBV17,
  author    = {Guillaume Gautier and
               R{\'{e}}mi Bardenet and
               Michal Valko},
  title     = {Zonotope Hit-and-run for Efficient Sampling from Projection DPPs},
  booktitle = {Proceedings of the 34th International Conference on Machine Learning,
               {ICML} 2017, Sydney, NSW, Australia, 6-11 August 2017},
  pages     = {1223--1232},
  year      = {2017},
  url       = {http://proceedings.mlr.press/v70/gautier17a.html},
  timestamp = {Wed, 16 Aug 2017 11:08:55 +0200},
  biburl    = {http://dblp.org/rec/bib/conf/icml/GautierBV17},
  bibsource = {dblp computer science bibliography, http://dblp.org}
}

@inproceedings{Foulds2013DiversePW,
  title = {Diverse Personalization with Determinantal Point Process Eigenmixtures},
  author = {James A Foulds and Dilan Gorur},
  booktitle = {NIPS Workshop on Personalization},
  year = {2013}
}

@book{Vershik2001book,
 author = {Anatoly M. Vershik and Yuri Yakubovichn},
 title = {Asymptotic Combinatorics with Applications to Mathematical Physics},
 year = {2001},
 isbn = {978-3-540-40312-8},
 publisher = {Springer-Verlag Berlin Heidelberg},
}

@book{Kulesza:2012:DPP:2481023,
 author = {Kulesza, Alex and Taskar, Ben},
 title = {Determinantal Point Processes for Machine Learning},
 year = {2012},
 isbn = {1601986289, 9781601986283},
 publisher = {Now Publishers Inc.},
 address = {Hanover, MA, USA},
}

@incollection{NIPS2014_5564,
title = {Expectation-Maximization for Learning Determinantal Point Processes},
author = {Gillenwater, Jennifer A and Kulesza, Alex and Fox, Emily and Taskar, Ben},
booktitle = {Advances in Neural Information Processing Systems 27},
editor = {Z. Ghahramani and M. Welling and C. Cortes and N. D. Lawrence and K. Q. Weinberger},
pages = {3149--3157},
year = {2014},
publisher = {Curran Associates, Inc.},
}

@inproceedings{DBLP:conf/aaai/GartrellPK17,
  author    = {Mike Gartrell and
               Ulrich Paquet and
               Noam Koenigstein},
  title     = {Low-Rank Factorization of Determinantal Point Processes},
  booktitle = {Proceedings of the Thirty-First {AAAI} Conference on Artificial Intelligence,
               February 4-9, 2017, San Francisco, California, {USA.}},
  pages     = {1912--1918},
  year      = {2017},
  url       = {http://aaai.org/ocs/index.php/AAAI/AAAI17/paper/view/14657},
  timestamp = {Mon, 06 Mar 2017 08:17:31 +0100},
  biburl    = {http://dblp.org/rec/bib/conf/aaai/GartrellPK17},
  bibsource = {dblp computer science bibliography, http://dblp.org}
}

@inproceedings{conf/icml/KuleszaT11,
  added-at = {2011-12-16T00:00:00.000+0100},
  author = {Kulesza, Alex and Taskar, Ben},
  biburl = {https://www.bibsonomy.org/bibtex/2929c84394bb0fcacacff361d5f25a82a/dblp},
  booktitle = {ICML},
  editor = {Getoor, Lise and Scheffer, Tobias},
  interhash = {863a8281f4b1bb12ac14dc70c79a0b51},
  intrahash = {929c84394bb0fcacacff361d5f25a82a},
  keywords = {dblp},
  pages = {1193-1200},
  publisher = {Omnipress},
  timestamp = {2011-12-17T11:33:27.000+0100},
  title = {k-DPPs: Fixed-Size Determinantal Point Processes.},
  url = {http://dblp.uni-trier.de/db/conf/icml/icml2011.html#KuleszaT11},
  year = 2011
}

@article{DBLP:journals/corr/abs-1202-3738,
  author    = {Alex Kulesza and
               Ben Taskar},
  title     = {Learning Determinantal Point Processes},
  journal   = {UAI},
  volume    = {abs/1202.3738},
  year      = {2011},
  url       = {http://arxiv.org/abs/1202.3738},
  archivePrefix = {arXiv},
  eprint    = {1202.3738},
  timestamp = {Wed, 07 Jun 2017 14:41:44 +0200},
  biburl    = {http://dblp.org/rec/bib/journals/corr/abs-1202-3738},
  bibsource = {dblp computer science bibliography, http://dblp.org}
}


@inproceedings{DBLP:journals/corr/abs-1210-4871,
 author = {Lin, Hui and Bilmes, Jeff},
 title = {Learning Mixtures of Submodular Shells with Application to Document Summarization},
 booktitle = {Proceedings of the Twenty-Eighth Conference on Uncertainty in Artificial Intelligence},
 series = {UAI'12},
 year = {2012},
 isbn = {978-0-9749039-8-9},
 location = {Catalina Island, CA},
 pages = {479--490},
 numpages = {12},
 url = {http://dl.acm.org/citation.cfm?id=3020652.3020704},
 acmid = {3020704},
 publisher = {AUAI Press},
 address = {Arlington, Virginia, United States},
} 


@inproceedings{Hu:2008:CFI:1510528.1511352,
	Acmid = {1511352},
	Address = {Washington, DC, USA},
	Author = {Hu, Yifan and Koren, Yehuda and Volinsky, Chris},
	Booktitle = {Proceedings of the 2008 Eighth IEEE International Conference on Data Mining},
	Doi = {10.1109/ICDM.2008.22},
	Isbn = {978-0-7695-3502-9},
	Keywords = {Collaborative filtering, recommender system, implicit feedback},
	Numpages = {10},
	Pages = {263--272},
	Publisher = {IEEE Computer Society},
	Series = {ICDM '08},
	Title = {Collaborative Filtering for Implicit Feedback Datasets},
	Url = {http://dx.doi.org/10.1109/ICDM.2008.22},
	Year = {2008},
	Bdsk-Url-1 = {http://dx.doi.org/10.1109/ICDM.2008.22}}

@inproceedings{Zhou:2008:LPC:1424237.1424269,
	Acmid = {1424269},
	Address = {Berlin, Heidelberg},
	Author = {Zhou, Yunhong and Wilkinson, Dennis and Schreiber, Robert and Pan, Rong},
	Booktitle = {Proceedings of the 4th International Conference on Algorithmic Aspects in Information and Management},
	Doi = {10.1007/978-3-540-68880-8_32},
	Isbn = {978-3-540-68865-5},
	Location = {Shanghai, China},
	Numpages = {12},
	Pages = {337--348},
	Publisher = {Springer-Verlag},
	Series = {AAIM '08},
	Title = {Large-Scale Parallel Collaborative Filtering for the Netflix Prize},
	Url = {http://dx.doi.org/10.1007/978-3-540-68880-8_32},
	Year = {2008},
	Bdsk-Url-1 = {http://dx.doi.org/10.1007/978-3-540-68880-8_32}}

@article{Koren:2009:MFT:1608565.1608614,
	Acmid = {1608614},
	Address = {Los Alamitos, CA, USA},
	Author = {Koren, Yehuda and Bell, Robert and Volinsky, Chris},
	Doi = {10.1109/MC.2009.263},
	Issn = {0018-9162},
	Issue_Date = {August 2009},
	Journal = {Computer},
	Keywords = {Computational intelligence, Computational intelligence, Netflix Prize, Matrix factorization, Matrix factorization, Netflix Prize},
	Month = aug,
	Number = {8},
	Numpages = {8},
	Pages = {30--37},
	Publisher = {IEEE Computer Society Press},
	Title = {Matrix Factorization Techniques for Recommender Systems},
	Url = {http://dx.doi.org/10.1109/MC.2009.263},
	Volume = {42},
	Year = {2009},
	Bdsk-Url-1 = {http://dx.doi.org/10.1109/MC.2009.263}}

@article{Auer:2003:UCB:944919.944941,
 acmid = {944941},
 author = {Auer, Peter},
 href = {https://www.bibsonomy.org/api/users/dblp/posts/ff73372e919219dd49507ec292e4ef76},
 interhash = {2df6e367f21d893dce02a9ee168b15b8},
 intrahash = {ff73372e919219dd49507ec292e4ef76},
 issn = {1532-4435},
 journal = {J. Mach. Learn. Res.},
 keyword = {bandit problem, exploitation-exploration, linear value function, online Learning, reinforcement learning},
 link = {http://dl.acm.org/citation.cfm?id=944919.944941},
 month = {mar},
 numpages = {26},
 pages = {397--422},
 publisher = {JMLR.org},
 title = {Using Confidence Bounds for Exploitation-exploration Trade-offs},
 url = {http://dblp.uni-trier.de/db/journals/jmlr/jmlr3.html#Auer02},
 volume = {3},
 year = {2003}
}

@incollection{NIPS2008_3452,
title = {Algorithms for Infinitely Many-Armed Bandits},
author = {Yizao Wang and Jean-yves Audibert and R\'{e}mi Munos},
booktitle = {Advances in Neural Information Processing Systems 21},
editor = {D. Koller and D. Schuurmans and Y. Bengio and L. Bottou},
pages = {1729--1736},
year = {2009},
publisher = {Curran Associates, Inc.},
url = {http://papers.nips.cc/paper/3452-algorithms-for-infinitely-many-armed-bandits.pdf}
}

@inproceedings{audibert:hal-00654404,
  TITLE = {{Best Arm Identification in Multi-Armed Bandits}},
  AUTHOR = {Audibert, Jean-Yves and Bubeck, S{\'e}bastien},
  URL = {https://hal-enpc.archives-ouvertes.fr/hal-00654404},
  BOOKTITLE = {{COLT - 23th Conference on Learning Theory - 2010}},
  ADDRESS = {Haifa, Israel},
  PAGES = {13 p.},
  YEAR = {2010},
  MONTH = Jun,
  PDF = {https://hal-enpc.archives-ouvertes.fr/hal-00654404/file/COLT10.pdf},
  HAL_ID = {hal-00654404},
  HAL_VERSION = {v1},
}

@inproceedings{DBLP:journals/corr/SoareLM14,
 author = {Soare, Marta and Lazaric, Alessandro and Munos, R{\'e}mi},
 title = {Best-arm Identification in Linear Bandits},
 booktitle = {Proceedings of the 27th International Conference on Neural Information Processing Systems - Volume 1},
 series = {NIPS'14},
 year = {2014},
 location = {Montreal, Canada},
 pages = {828--836},
 numpages = {9},
 url = {http://dl.acm.org/citation.cfm?id=2968826.2968919},
 acmid = {2968919},
 publisher = {MIT Press},
 address = {Cambridge, MA, USA},
} 

@incollection{NIPS2011_4417,
title = {Improved Algorithms for Linear Stochastic Bandits},
author = {Yasin Abbasi-yadkori and P\'{a}l, D\'{a}vid and Csaba Szepesv\'{a}ri},
booktitle = {Advances in Neural Information Processing Systems 24},
editor = {J. Shawe-Taylor and R. S. Zemel and P. L. Bartlett and F. Pereira and K. Q. Weinberger},
pages = {2312--2320},
year = {2011},
publisher = {Curran Associates, Inc.},
url = {http://papers.nips.cc/paper/4417-improved-algorithms-for-linear-stochastic-bandits.pdf}}

@inproceedings{DBLP:conf/icml/AffandiFAT14,
  author    = {Raja Hafiz Affandi and
               Emily B. Fox and
               Ryan P. Adams and
               Benjamin Taskar},
  title     = {Learning the Parameters of Determinantal Point Process Kernels},
  booktitle = {Proceedings of the 31th International Conference on Machine Learning,
               {ICML} 2014, Beijing, China, 21-26 June 2014},
  pages     = {1224--1232},
  year      = {2014},
  url       = {http://jmlr.org/proceedings/papers/v32/affandi14.html},
  timestamp = {Wed, 29 Mar 2017 16:45:25 +0200},
  biburl    = {http://dblp.org/rec/bib/conf/icml/AffandiFAT14},
  bibsource = {dblp computer science bibliography, http://dblp.org}
}

@article{Agrawal:1993:MAR:170036.170072,
 author = {Agrawal, Rakesh and Imieli\'{n}ski, Tomasz and Swami, Arun},
 title = {Mining Association Rules Between Sets of Items in Large Databases},
 journal = {SIGMOD Rec.},
 issue_date = {June 1, 1993},
 volume = {22},
 number = {2},
 month = jun,
 year = {1993},
 issn = {0163-5808},
 pages = {207--216},
 numpages = {10},
 url = {http://doi.acm.org/10.1145/170036.170072},
 doi = {10.1145/170036.170072},
 acmid = {170072},
 publisher = {ACM},
 address = {New York, NY, USA},
}
@article{LEE2005700,
title = "Classification-based collaborative filtering using market basket data",
journal = "Expert Systems with Applications",
volume = "29",
number = "3",
pages = "700 - 704",
year = "2005",
issn = "0957-4174",
doi = "https://doi.org/10.1016/j.eswa.2005.04.037",
url = "http://www.sciencedirect.com/science/article/pii/S0957417405000874",
author = "Jong-Seok Lee and Chi-Hyuck Jun and Jaewook Lee and Sooyoung Kim",
keywords = "Binary logistic regression, Classification, Collaborative filtering, Market basket data, Principal component analysis"
}
@inproceedings{Lathia:2010:TDR:1835449.1835486,
 author = {Lathia, Neal and Hailes, Stephen and Capra, Licia and Amatriain, Xavier},
 title = {Temporal Diversity in Recommender Systems},
 booktitle = {Proceedings of the 33rd International ACM SIGIR Conference on Research and Development in Information Retrieval},
 series = {SIGIR '10},
 year = {2010},
 isbn = {978-1-4503-0153-4},
 location = {Geneva, Switzerland},
 pages = {210--217},
 numpages = {8},
 url = {http://doi.acm.org/10.1145/1835449.1835486},
 doi = {10.1145/1835449.1835486},
 acmid = {1835486},
 publisher = {ACM},
 address = {New York, NY, USA},
 keywords = {evaluation, recommender systems},
}

@ARTICLE{1167344,
author={G. Linden and B. Smith and J. York},
journal={IEEE Internet Computing},
title={Amazon.com recommendations: item-to-item collaborative filtering},
year={2003},
volume={7},
number={1},
pages={76-80},
keywords={Web sites;electronic commerce;information filters;information retrieval;real-time systems;retail data processing;Amazon.com recommendations;Web sites;cluster models;customer interests;demographic data;e-commerce;item-to-item collaborative filtering;massive data sets;online store;product catalog;real-time;recommendation algorithms;search-based methods;Advertising;Aggregates;Clustering algorithms;Collaboration;Demography;Electronic mail;Filtering algorithms;Information filtering;Information filters;Pediatrics},
doi={10.1109/MIC.2003.1167344},
ISSN={1089-7801},
month={Jan},}

@inproceedings{Teo:2016:APD:2959100.2959171,
 author = {Teo, Choon Hui and Nassif, Houssam and Hill, Daniel and Srinivasan, Sriram and Goodman, Mitchell and Mohan, Vijai and Vishwanathan, S.V.N.},
 title = {Adaptive, Personalized Diversity for Visual Discovery},
 booktitle = {Proceedings of the 10th ACM Conference on Recommender Systems},
 series = {RecSys '16},
 year = {2016},
 isbn = {978-1-4503-4035-9},
 location = {Boston, Massachusetts, USA},
 pages = {35--38},
 numpages = {4},
 url = {http://doi.acm.org/10.1145/2959100.2959171},
 doi = {10.1145/2959100.2959171},
 acmid = {2959171},
 publisher = {ACM},
 address = {New York, NY, USA},
 keywords = {diversity, explore-exploit, machine learning, multi-armed bandits, personalization, submodular functions},
}
[download]
